@article{kitties-contract,
  author = {DapperLabs},
  title = {CryptoKitties deployed smart contract},
  note= {Ethereum Address: 0x06012c8cf97bead5deae237070f9587f8e7a266d},
  year = {2017}
}

@article{jiang2021cryptokitties,
  title= {Cryptokitties transaction network analysis: The rise and fall of the first blockchain game mania},
  author= {Jiang, Xin-Jian and Liu, Xiao Fan},
  journal= {Frontiers in Physics},
  pages= {57},
  year= {2021},
}

@article{kitties-kraken,
  title = {What are CryptoKitties?},
  author= {Kraken},
  url = {https://www.kraken.com/learn/what-are-cryptokitties-nft},
  year = {2017}
}

@article{sunflower-play2earn,
  title = {Sunflower Farmers Hits the Polygon Network Where it Hurts: Gas Fees},
  url = {https://www.playtoearn.online/2022/01/10/sunflower-farmers-hits-the-polygon-network-where-it-hurts-gas-fees},
  year = {2022},
  journal= {PlayToEarn.online}
}

@article{sunflower-coindesk,
  author = {Andrew Thurman},
  title = {Polygon Under Accidental Attack From Swarm of Sunflower Farmers},
  url = {https://www.coindesk.com/tech/2022/01/06/polygon-under-accidental-attack-from-swarm-of-sunflower-farmers},
  year = {2022},
  journal= {Coindesk}
}

@article{erc721,
  title= {ERC-721: Non-Fungible Token Standard},
  author= {William Entriken, Dieter Shirley, Jacob Evans and Nastassia Sachs},
  url = {https://eips.ethereum.org/EIPS/eip-721},
  year = {Jan, 2018},
  journal= {Ethereum Improvement Proposals}
}

@article{beeple,
  title= {EVERYDAYS: THE FIRST 5000 DAYS},
  author= {Beeple},
  note= {Ethereum Address: 0x2a46f2ffd99e19a89476e2f62270e0a35bbf0756, Token: 40913},
  year= {2021},
}

@article{kugler2021non,
  title= {Non-fungible tokens and the future of art},
  author= {Kugler, Logan},
  journal= {Communications of the ACM},
  volume= {64},
  number= {9},
  pages= {19--20},
  year= {2021},
  publisher= {ACM New York, NY, USA}
}

@article{benet2014ipfs,
  title= {Ipfs-content addressed, versioned, p2p file system},
  author= {Benet, Juan},
  year= {2014},
  eprint= {1407.3561},
  archivePrefix= {arXiv},
  primaryClass= {cs.NI}
}

@article{sorare,
  title= {Sorare smart contract on Ethereum},
  author= {Sorare},
  note= {Ethereum Address: 0x629a673a8242c2ac4b7b8c5d8735fbeac21a6205},
  year= {2020}
}

@article{messiOpenSea,
  title= {Lionel {M}essi 2021-22, 321/1000},
  note= {Entry in OpenSea},
  url = {https://opensea.io/assets/ethereum/0x629a673a8242c2ac4b7b8c5d8735fbeac21a6205/59955996392973292445454039167917827791697111503455234438533072172692682897997}
}

@article{messiOnSorare,
  title= {Lionel {M}essi 2021-22, 321/1000},
  note= {Data in privately-owned servers},
  url = {https://api.sorare.com/api/v1/cards/59955996392973292445454039167917827791697111503455234438533072172692682897997}
}

@article{nba,
  title= {{NBA} {T}op {S}hot},
  url = {https://nbatopshot.com}
}

@article{dapper-labs-nft-ruling,
  title = {Dapper Labs NFT Ruling Dunks on Private Networks},
  author = {Paul Paray},
  year = {2023},
  journal = {Coindesk},
  url = {https://www.coindesk.com/consensus-magazine/2023/02/28/dapper-labs-nft-ruling-dunks-on-private-networks}
}

@article{buterin2013whitepaper,
  author = {Vitalik Buterin},
  title = {Ethereum: A Next-Generation Smart Contract and Decentralized Application Platform},
  url = {https://ethereum.org/en/whitepaper/},
  year = {2014}
}

@article{moonbeam,
  author = {Moonbeam},
  title = {Cross-Chain Connected Smart Contract Platform},
  url = {https://docs.moonbeam.network},
}

@article{astar,
  author = {Astar Network},
  title = {Multichain Smart Contracts},
  url = {https://docs.astar.network},
}

@article{lee2022sok,
  title= {SoK: Not Quite Water Under the Bridge: Review of Cross-Chain Bridge Hacks},
  author= {Lee, Sung-Shine and Murashkin, Alexandr and Derka, Martin and Gorzny, Jan},
  year= {2022},
  eprint= {2210.16209},
  archivePrefix= {arXiv},
  primaryClass= {cs.CR}
}

@article{eth-solana,
  title= {How \$323m in crypto was stolen from a blockchain bridge called wormhole},
  author= {Dan Goodin},
  url= {https://arstechnica.com/information-technology/2022/02/how-323-million-in-crypto-was-stolen-from-a-blockchain-bridge-called-wormhole},
  year= {2022}
}

@article{axie-bridge-1,
  title= {How a fake job offer took down the world’s most popular crypto game},
  author= {Ryan Weeks},
  journal= {The Block},
  url= {https://www.theblock.co/post/156038/how-a-fake-job-offer-took-down-the-worlds-most-popular-crypto-game},
  year= {2022}
}

@article{axie-bridge-2,
  title= {Axie Infinity Developers Made Some Trade-offs That Enabled \$625M Ronin Breach},
  author= {Morgan Chittum},
  journal= {Blockworks},
  url= {https://blockworks.co/news/axie-infinity-developers-made-some-trade-offs-that-enabled-625m-ronin-breach},
  year= {2022}
}

@article{polygon-hack,
  title= {Polygon Double-Spend Bugfix Review — \$2m Bounty},
  author= {Immunefi},
  journal= {Medium},
  url= {https://medium.com/immunefi/polygon-double-spend-bug-fix-postmortem-2m-bounty-5a1db09db7f1},
  year= {2021}
}

@article{stogerdemystifying,
  title= {Demystifying Web3 Centralization: The Case of Off-Chain NFT Hijacking},
  author= {St{\"o}ger, Felix and Zhou, Anxin and Duan, Huayi and Perrig, Adrian},
  journal= {Financial Cryptography and Data Security},
  year = {2023}
}

@article{polkadot,
  author = {Wood, Gavin},
  title = {Polkadot: Vision for a Heterogeneous Multi-Chain Framework},
  year = {2016},
  url = {https://polkadot.network/whitepaper/}
}

@article{polkadotExplained,
  author       = {Jeff Burdges and
                  Alfonso Cevallos and
                  Peter Czaban and
                  Rob Habermeier and
                  Syed Hosseini and
                  Fabio Lama and
                  Handan Kilin{\c{c}} Alper and
                  Ximin Luo and
                  Fatemeh Shirazi and
                  Alistair Stewart and
                  Gavin Wood},
  title        = {Overview of Polkadot and its Design Considerations},
  year= {2020},
  eprint= {2005.13456},
  archivePrefix= {arXiv},
  primaryClass= {cs.CR}
}

@article{parity-bridges,
  author = {Parity},
  title = {Parity Bridges Common. High-Level Bridge Documentation},
  url = {https://github.com/paritytech/parity-bridges-common/blob/master/docs/high-level-overview.md}
}

@article{bridgehub,
  author = {Joe Petrowski},
  title = {Proposal for Common Good Parachains},
  year= {2022},
  url = {https://polkadot.network/blog/proposal-for-common-good-parachains}
}

@article{multilocation,
  author = {Gavin Wood},
  title = {XCM: The Cross-Consensus Message Format},
  year= {2021},
  url = {https://polkadot.network/blog/xcm-the-cross-consensus-message-format}
}

@article{multilocationXCMv3,
  author = {Polkadot},
  title = {XCM v3 - Merged Pull Request},
  url = {https://github.com/paritytech/polkadot/pull/4097}
}

@article{parachain-protocol,
  author = {Parity Technologies},
  title = {Polkadot Parachain Host Implementers' Guide},
  url = {https://paritytech.github.io/polkadot/book/index.html}
}

@article{parachain-protocol2,
  author = {Polkadot},
  title = {Availability \& Validity Protocol},
  url = {https://spec.polkadot.network/chapter-anv}
}

@article{al2018fraud,
  title= {Fraud and data availability proofs: Maximising light client security and scaling blockchains with dishonest majorities},
  author= {Al-Bassam, Mustafa and Sonnino, Alberto and Buterin, Vitalik},
  year= {2019},
  eprint= {1809.09044},
  archivePrefix= {arXiv},
  primaryClass= {cs.CR}
}

@article{SeunLanlege,
  author = {Seun Lanlege},
  title = {Consensus Proofs},
  year= {2023},
  url = {https://research.polytope.technology/consensus-proofs}
}

@article{snowfork,
  author = {Vincent Geddes, Aidan Musnitsky},
  title = {Snowfork's Analysis of Sync Committee Security},
  year= {2023},
  url = {https://forum.polkadot.network/t/snowforks-analysis-of-sync-committee-security/2712}
}

@article{ciobotaru2022accountable,
  title= {Accountable Light Client Systems for PoS Blockchains},
  author= {Ciobotaru, Oana and Shirazi, Fatemeh and Stewart, Alistair and Vasilyev, Sergey},
  journal= {Cryptology ePrint Archive},
  url = {https://eprint.iacr.org/2022/1205},
  year= {2022}
}

@article{grandpa,
  author       = {Alistair Stewart and
                  Eleftherios Kokoris{-}Kogia},
  title        = {{GRANDPA:} a Byzantine Finality Gadget},
  journal      = {CoRR},
  volume       = {abs/2007.01560},
  year         = {2020},
  eprinttype    = {arXiv},
  eprint       = {2007.01560},
  timestamp    = {Mon, 06 Jul 2020 15:26:01 +0200},
  biburl       = {https://dblp.org/rec/journals/corr/abs-2007-01560.bib},
  bibsource    = {dblp computer science bibliography, https://dblp.org}
}

@article{collators,
  title= {Collators},
  author= {Polkadot},
  url = {https://wiki.polkadot.network/docs/learn-collator},
}

@article{chohan2021non,
  title={Non-fungible tokens: Blockchains, scarcity, and value},
  author={Chohan, Usman W},
  journal={Critical Blockchain Research Initiative (CBRI) Working Papers},
  year={2021}
}

@article{pinto2022nft,
  title={The NFT hype: what draws attention to non-fungible tokens?},
  author={Pinto-Guti{\'e}rrez, Christian and Gait{\'a}n, Sandra and Jaramillo, Diego and Velasquez, Sim{\'o}n},
  journal={Mathematics},
  volume={10},
  number={3},
  pages={335},
  year={2022},
  publisher={MDPI}
}

@article{laostoken,
  title= {LAOS Token Whitepaper},
  author= {LAOS Foundation},
  url = {https://laosfoundation.io}
}
